<?xml version="1.0" encoding="UTF-8"?>
<record xmlns="http://www.loc.gov/MARC21/slim" xmlns:xsi="http://www.w3.org/2001/XMLSchema-instance" xsi:schemaLocation="http://www.loc.gov/MARC21/slim http://www.loc.gov/standards/marcxml/schema/MARC21slim.xsd">
<leader>00000cam a22      a 4500</leader>
<controlfield tag="001">001679726</controlfield>
<controlfield tag="003">NNU</controlfield>
<controlfield tag="005">20141009082413.0</controlfield>
<controlfield tag="008">981116s1939    au ach        000 0dara d</controlfield>
<datafield tag="035" ind1=" " ind2=" ">
<subfield code="a">(OCoLC)40322315</subfield>
</datafield>
<datafield tag="040" ind1=" " ind2=" ">
<subfield code="a">ORZ</subfield>
<subfield code="b">eng</subfield>
<subfield code="c">ORZ</subfield>
<subfield code="d">CLU</subfield>
<subfield code="d">OCLCF</subfield>
<subfield code="d">NNU</subfield>
</datafield>
<datafield tag="050" ind1=" " ind2="4">
<subfield code="a">PJ6126</subfield>
<subfield code="b">.K8</subfield>
</datafield>
<datafield tag="050" ind1=" " ind2="4">
<subfield code="a">PJ6124</subfield>
<subfield code="b">.K83</subfield>
</datafield>
<datafield tag="100" ind1="1" ind2=" ">
<subfield code="6">880-01</subfield>
<subfield code="a">Kurdī, Muḥammad Ṭāhir ibn ʻAbd al-Qādir.</subfield>
</datafield>
<datafield tag="245" ind1="1" ind2="0">
<subfield code="6">880-02</subfield>
<subfield code="a">Tārīkh al-khaṭṭ al-ʻArabī wa adābih :</subfield>
<subfield code="b">huwa kitāb tārīkhī ijtimāʻī adabī, muzayyan bi-al-ṣuwar al-khaṭṭīyah wa-al-rusūm al-futūghrāfīyah /</subfield>
<subfield code="c">taʼlīf Muḥammad Ṭāhir ibn ʻAbd al-Qādir al-Kurdī al-Makkī al-Khaṭṭāṭ.</subfield>
</datafield>
<datafield tag="250" ind1=" " ind2=" ">
<subfield code="6">880-03</subfield>
<subfield code="a">al-Ṭabʻah 1.</subfield>
</datafield>
<datafield tag="260" ind1=" " ind2=" ">
<subfield code="6">880-04</subfield>
<subfield code="a">[Miṣr]</subfield>
<subfield code="b">Maktabat al-Hilāl,</subfield>
<subfield code="c">1939</subfield>
<subfield code="f">(al-Maṭbaʻah al-Tijārīyah al-Ḥadīthah bi-al-Sakākīnī)</subfield>
</datafield>
<datafield tag="300" ind1=" " ind2=" ">
<subfield code="a">470 p.</subfield>
<subfield code="b">ill., ports., facsims.</subfield>
<subfield code="c">25 cm.</subfield>
</datafield>
<datafield tag="546" ind1=" " ind2=" ">
<subfield code="a">In Arabic characters.</subfield>
</datafield>
<datafield tag="650" ind1=" " ind2="0">
<subfield code="a">Writing, Arabic</subfield>
<subfield code="x">History.</subfield>
</datafield>
<datafield tag="650" ind1=" " ind2="0">
<subfield code="a">Writing</subfield>
<subfield code="x">History.</subfield>
</datafield>
<datafield tag="650" ind1=" " ind2="0">
<subfield code="a">Calligraphy, Arabic</subfield>
<subfield code="x">History.</subfield>
</datafield>
<datafield tag="650" ind1=" " ind2="0">
<subfield code="a">Calligraphers</subfield>
<subfield code="z">Arab countries</subfield>
<subfield code="v">Biography.</subfield>
</datafield>
<datafield tag="650" ind1=" " ind2="0">
<subfield code="a">Muslim calligraphers</subfield>
<subfield code="v">Biography.</subfield>
</datafield>
<datafield tag="650" ind1=" " ind2="7">
<subfield code="a">Calligraphers.</subfield>
<subfield code="2">fast</subfield>
<subfield code="0">(OCoLC)fst00844363</subfield>
</datafield>
<datafield tag="650" ind1=" " ind2="7">
<subfield code="a">Calligraphy, Arabic.</subfield>
<subfield code="2">fast</subfield>
<subfield code="0">(OCoLC)fst00844384</subfield>
</datafield>
<datafield tag="650" ind1=" " ind2="7">
<subfield code="a">Muslim calligraphers.</subfield>
<subfield code="2">fast</subfield>
<subfield code="0">(OCoLC)fst01030942</subfield>
</datafield>
<datafield tag="650" ind1=" " ind2="7">
<subfield code="a">Writing.</subfield>
<subfield code="2">fast</subfield>
<subfield code="0">(OCoLC)fst01181638</subfield>
</datafield>
<datafield tag="650" ind1=" " ind2="7">
<subfield code="a">Writing, Arabic.</subfield>
<subfield code="2">fast</subfield>
<subfield code="0">(OCoLC)fst01181678</subfield>
</datafield>
<datafield tag="651" ind1=" " ind2="7">
<subfield code="a">Arab countries.</subfield>
<subfield code="2">fast</subfield>
<subfield code="0">(OCoLC)fst01240128</subfield>
</datafield>
<datafield tag="655" ind1=" " ind2="7">
<subfield code="a">Biography.</subfield>
<subfield code="2">fast</subfield>
<subfield code="0">(OCoLC)fst01423686</subfield>
</datafield>
<datafield tag="655" ind1=" " ind2="7">
<subfield code="a">History.</subfield>
<subfield code="2">fast</subfield>
<subfield code="0">(OCoLC)fst01411628</subfield>
</datafield>
<datafield tag="776" ind1="0" ind2="8">
<subfield code="i">Online version:</subfield>
<subfield code="a">Kurdī, Muḥammad Ṭāhir ibn ʻAbd al-Qādir.</subfield>
<subfield code="t">Tārīkh al-khaṭṭ al-ʻArabī wa adābih.</subfield>
<subfield code="b">al-Ṭabʻah 1.</subfield>
<subfield code="d">[Miṣr] Maktabat al-Hilāl, 1939 (al-Maṭbaʻah al-Tijārīyah al-Ḥadīthah bi-al-Sakākīnī)</subfield>
<subfield code="w">(OCoLC)852767134</subfield>
</datafield>
<datafield tag="880" ind1="1" ind2=" ">
<subfield code="6">100-01/</subfield>
<subfield code="a">كردي، محمد طاهر بن عبد القادر.</subfield>
</datafield>
<datafield tag="880" ind1="1" ind2="0">
<subfield code="6">245-02/</subfield>
<subfield code="a">تاريخ الخط العربي و ادابه :</subfield>
<subfield code="b">هو كتاب تاريخي اجتماعي ادبي، مزين بالصور الخطية والرسوم الفتوغرافية /</subfield>
<subfield code="c">تأليف محمد طاهر بن عبد القادر الكردي المكي الخطاط.</subfield>
</datafield>
<datafield tag="880" ind1=" " ind2=" ">
<subfield code="6">250-03/</subfield>
<subfield code="a">الطبعة 1.</subfield>
</datafield>
<datafield tag="880" ind1=" " ind2=" ">
<subfield code="6">260-04/</subfield>
<subfield code="a">[مصر]</subfield>
<subfield code="b">مكتبة الهلال،</subfield>
<subfield code="c">1939</subfield>
<subfield code="f">(المطبعة التجارية الحديثة بالسكاكيني)</subfield>
</datafield>
<datafield tag="OWN" ind1=" " ind2=" ">
<subfield code="a">GENERAL</subfield>
</datafield>
<datafield tag="AVA" ind1=" " ind2=" ">
<subfield code="a">NYU50</subfield>
<subfield code="b">BOBST</subfield>
<subfield code="c">Main Collection</subfield>
<subfield code="d">PJ6126 .K8</subfield>
<subfield code="e">unavailable</subfield>
<subfield code="t">Unavailable</subfield>
<subfield code="f">1</subfield>
<subfield code="g">1</subfield>
<subfield code="h">N</subfield>
<subfield code="i">0</subfield>
<subfield code="j">MAIN</subfield>
<subfield code="k">0</subfield>
</datafield>
</record>
